@article{
Marbell2011,
Author = {Stanley-Marbell, Phillip, Victoria Caparros Cabezas, and Ronald Luijten.},
Title = {Pinned to the walls: impact of packaging and application properties on the memory and power walls.},
Journal = {Proceedings of the 17th IEEE/ACM international symposium on Low-power electronics and design.},
Volume = {50},
Pages = {51-56},
Year = {2011} }